<collection xmlns="http://www.loc.gov/MARC21/slim">
   <record>
      <leader>04541cjm a22006134i 45 0</leader>
      <controlfield tag="001">6796608</controlfield>
      <controlfield tag="003">OCoLC</controlfield>
      <controlfield tag="005">20150202175744.0</controlfield>
      <controlfield tag="007">sd fsngnnmmned</controlfield>
      <controlfield tag="008">150128s2015    enkrcnn           n eng d</controlfield>
      <datafield ind1=" " ind2=" " tag="035">
         <subfield code="a">ocn900906926</subfield>
      </datafield>
      <datafield ind1=" " ind2=" " tag="040">
         <subfield code="a">RB0</subfield>
         <subfield code="b">eng</subfield>
         <subfield code="e">rda</subfield>
         <subfield code="c">RB0</subfield>
         <subfield code="d">RB0</subfield>
         <subfield code="d">ARDC</subfield>
      </datafield>
      <datafield ind1=" " ind2=" " tag="090">
         <subfield code="a">M 1630.18 M65 H476 2015</subfield>
         <subfield code="b">ARDC</subfield>
      </datafield>
      <datafield ind1="0" ind2="0" tag="245">
         <subfield code="a">Heroes :</subfield>
         <subfield code="b">15 classic tracks.</subfield>
      </datafield>
      <datafield ind1="1" ind2=" " tag="246">
         <subfield code="i">Title on insert:</subfield>
         <subfield code="a">David Bowie :</subfield>
         <subfield code="b">heroes</subfield>
      </datafield>
      <datafield ind1="1" ind2=" " tag="246">
         <subfield code="i">Title from container spine:</subfield>
         <subfield code="a">Mojo presents David Heroes Bowie</subfield>
      </datafield>
      <datafield ind1="1" ind2="3" tag="246">
         <subfield code="a">David Heroes Bowie</subfield>
      </datafield>
      <datafield ind1=" " ind2="1" tag="264">
         <subfield code="a">[London] :</subfield>
         <subfield code="b">Mojo,</subfield>
         <subfield code="c">2015.</subfield>
      </datafield>
      <datafield ind1=" " ind2=" " tag="300">
         <subfield code="a">1 audio disc (45 min., 15 sec.) :</subfield>
         <subfield code="b">digital, CD audio, stereo ;</subfield>
         <subfield code="c">4 3/4 in.</subfield>
      </datafield>
      <datafield ind1=" " ind2=" " tag="336">
         <subfield code="a">performed music</subfield>
         <subfield code="b">prm</subfield>
         <subfield code="2">rdacontent</subfield>
         <subfield code="0">http://id.loc.gov/vocabulary/contentTypes/prm</subfield>
      </datafield>
      <datafield ind1=" " ind2=" " tag="337">
         <subfield code="a">audio</subfield>
         <subfield code="b">s</subfield>
         <subfield code="2">rdamedia</subfield>
         <subfield code="0">http://id.loc.gov/vocabulary/mediaTypes/s</subfield>
      </datafield>
      <datafield ind1=" " ind2=" " tag="338">
         <subfield code="a">audio disc</subfield>
         <subfield code="b">sd</subfield>
         <subfield code="2">rdacarrier</subfield>
         <subfield code="0">http://id.loc.gov/vocabulary/carriers/sd</subfield>
      </datafield>
      <datafield ind1=" " ind2=" " tag="340">
         <subfield code="b">4 3/4 in.</subfield>
      </datafield>
      <datafield ind1=" " ind2=" " tag="344">
         <subfield code="a">digital</subfield>
         <subfield code="b">optical</subfield>
         <subfield code="g">stereo</subfield>
         <subfield code="2">rda</subfield>
      </datafield>
      <datafield ind1=" " ind2=" " tag="347">
         <subfield code="a">audio file</subfield>
         <subfield code="b">CD audio</subfield>
         <subfield code="2">rda</subfield>
      </datafield>
      <datafield ind1=" " ind2=" " tag="500">
         <subfield code="a">Title from disc label.</subfield>
      </datafield>
      <datafield ind1=" " ind2=" " tag="500">
         <subfield code="a">"A 23 Ears production for Mojo magazine"--Insert.</subfield>
      </datafield>
      <datafield ind1=" " ind2=" " tag="500">
         <subfield code="a">"Given away free with MOJO February 2015"--Container.</subfield>
      </datafield>
      <datafield ind1=" " ind2=" " tag="500">
         <subfield code="a">Brief program notes and credits (1 folded sheet) inserted in container.</subfield>
      </datafield>
      <datafield ind1="0" ind2="0" tag="505">
         <subfield code="t">The girl can't help it</subfield>
         <subfield code="r">(Little Richard) --</subfield>
         <subfield code="t">Almost grown</subfield>
         <subfield code="r">(Chuck Berry) --</subfield>
         <subfield code="t">I pity the fool</subfield>
         <subfield code="r">(Bobby Bland) --</subfield>
         <subfield code="t">Smoke gets in your eyes</subfield>
         <subfield code="r">(Ronnie Ross Quintet) --</subfield>
         <subfield code="t">Bewitched, bothered &amp; bewildered</subfield>
         <subfield code="r">(Frank Sinatra) --</subfield>
         <subfield code="t">La mort</subfield>
         <subfield code="r">(Jacques Brel) --</subfield>
         <subfield code="t">Alabama song</subfield>
         <subfield code="r">(Lotte Lenya) --</subfield>
         <subfield code="t">Wild is the wind</subfield>
         <subfield code="r">(Nina Simone) --</subfield>
         <subfield code="t">Nature boy</subfield>
         <subfield code="r">(Nat King Cole) --</subfield>
         <subfield code="t">Wondrous place</subfield>
         <subfield code="r">(Billy Fury) --</subfield>
         <subfield code="t">What kind of fool am I?</subfield>
         <subfield code="r">(Anthony Newley) --</subfield>
         <subfield code="t">Foot stomping</subfield>
         <subfield code="r">(The Flares) --</subfield>
         <subfield code="t">Jet black machine</subfield>
         <subfield code="r">(Vince Taylor and his Playboys) --</subfield>
         <subfield code="t">Shapes of things</subfield>
         <subfield code="r">(The Yardbirds) --</subfield>
         <subfield code="t">Rosalyn</subfield>
         <subfield code="r">(The Pretty Things).</subfield>
      </datafield>
      <datafield ind1=" " ind2=" " tag="508">
         <subfield code="a">Selected by Phil Alexander ; sequenced by Dave Henderson ; sorted by Alex Penge.</subfield>
      </datafield>
      <datafield ind1="0" ind2=" " tag="511">
         <subfield code="a">Various performers.</subfield>
      </datafield>
      <datafield ind1=" " ind2=" " tag="596">
         <subfield code="a">35</subfield>
      </datafield>
      <datafield ind1=" " ind2="0" tag="650">
         <subfield code="a">Popular music.</subfield>
         <subfield code="0">http://id.loc.gov/authorities/subjects/sh85088865</subfield>
      </datafield>
      <datafield ind1="1" ind2=" " tag="700">
         <subfield code="a">Bowie, David,</subfield>
         <subfield code="e">honoree.</subfield>
         <subfield code="0">http://id.loc.gov/authorities/names/n81112099</subfield>
         <subfield code="0">http://viaf.org/viaf/56606484</subfield>
      </datafield>
      <datafield ind1="0" ind2=" " tag="700">
         <subfield code="a">Little Richard,</subfield>
         <subfield code="d">1932-</subfield>
         <subfield code="e">performer.</subfield>
         <subfield code="0">http://id.loc.gov/authorities/names/n83311954</subfield>
         <subfield code="0">http://viaf.org/viaf/19865973</subfield>
      </datafield>
      <datafield ind1="1" ind2=" " tag="700">
         <subfield code="a">Berry, Chuck,</subfield>
         <subfield code="e">performer.</subfield>
         <subfield code="0">http://id.loc.gov/authorities/names/n82228079</subfield>
         <subfield code="0">http://viaf.org/viaf/87336293</subfield>
      </datafield>
      <datafield ind1="1" ind2=" " tag="700">
         <subfield code="a">Bland, Bobby,</subfield>
         <subfield code="e">performer.</subfield>
         <subfield code="0">http://id.loc.gov/authorities/names/n92082339</subfield>
         <subfield code="0">http://viaf.org/viaf/76499501</subfield>
      </datafield>
      <datafield ind1="1" ind2=" " tag="700">
         <subfield code="a">Ross, Ronnie,</subfield>
         <subfield code="d">1933-1991,</subfield>
         <subfield code="e">perfomer.</subfield>
         <subfield code="0">http://id.loc.gov/authorities/names/no2005040608</subfield>
         <subfield code="0">http://viaf.org/viaf/61758302</subfield>
      </datafield>
      <datafield ind1="1" ind2=" " tag="700">
         <subfield code="a">Sinatra, Frank,</subfield>
         <subfield code="d">1915-1998,</subfield>
         <subfield code="e">performer.</subfield>
         <subfield code="0">http://id.loc.gov/authorities/names/n50026395</subfield>
         <subfield code="0">http://viaf.org/viaf/27253198</subfield>
      </datafield>
      <datafield ind1="1" ind2=" " tag="700">
         <subfield code="a">Brel, Jacques,</subfield>
         <subfield code="e">performer.</subfield>
         <subfield code="0">http://id.loc.gov/authorities/names/n50042460</subfield>
         <subfield code="0">http://viaf.org/viaf/4927349</subfield>
      </datafield>
      <datafield ind1="1" ind2=" " tag="700">
         <subfield code="a">Lenya, Lotte,</subfield>
         <subfield code="e">performer.</subfield>
         <subfield code="0">http://id.loc.gov/authorities/names/n87135693</subfield>
         <subfield code="0">http://viaf.org/viaf/32046652</subfield>
      </datafield>
      <datafield ind1="1" ind2=" " tag="700">
         <subfield code="a">Simone, Nina,</subfield>
         <subfield code="d">1933-2003,</subfield>
         <subfield code="e">performer.</subfield>
         <subfield code="0">http://id.loc.gov/authorities/names/no91012203</subfield>
         <subfield code="0">http://viaf.org/viaf/44486409</subfield>
      </datafield>
      <datafield ind1="1" ind2=" " tag="700">
         <subfield code="a">Cole, Nat King,</subfield>
         <subfield code="d">1919-1965,</subfield>
         <subfield code="e">performer.</subfield>
         <subfield code="0">http://id.loc.gov/authorities/names/n84072857</subfield>
         <subfield code="0">http://viaf.org/viaf/34642861</subfield>
      </datafield>
      <datafield ind1="1" ind2=" " tag="700">
         <subfield code="a">Fury, Billy,</subfield>
         <subfield code="d">1941-</subfield>
         <subfield code="e">performer.</subfield>
         <subfield code="0">http://id.loc.gov/authorities/names/no98011735</subfield>
         <subfield code="0">http://viaf.org/viaf/19877491</subfield>
      </datafield>
      <datafield ind1="1" ind2=" " tag="700">
         <subfield code="a">Newley, Anthony,</subfield>
         <subfield code="e">performer.</subfield>
         <subfield code="0">http://id.loc.gov/authorities/names/n88051157</subfield>
         <subfield code="0">http://viaf.org/viaf/34647429</subfield>
      </datafield>
      <datafield ind1="1" ind2=" " tag="700">
         <subfield code="a">Taylor, Vince,</subfield>
         <subfield code="d">1939-1991,</subfield>
         <subfield code="e">performer.</subfield>
         <subfield code="0">http://id.loc.gov/authorities/names/no2003078068</subfield>
         <subfield code="0">http://viaf.org/viaf/51696458</subfield>
      </datafield>
      <datafield ind1="2" ind2=" " tag="710">
         <subfield code="a">Flares (Musical group),</subfield>
         <subfield code="e">performer.</subfield>
         <subfield code="0">http://id.loc.gov/authorities/names/no2004103654</subfield>
         <subfield code="0">http://viaf.org/viaf/135224659</subfield>
      </datafield>
      <datafield ind1="2" ind2=" " tag="710">
         <subfield code="a">Yardbirds (Musical group),</subfield>
         <subfield code="e">performer.</subfield>
         <subfield code="0">http://id.loc.gov/authorities/names/n84152905</subfield>
         <subfield code="0">http://viaf.org/viaf/146633427</subfield>
      </datafield>
      <datafield ind1="2" ind2=" " tag="710">
         <subfield code="a">Pretty Things (Musical group),</subfield>
         <subfield code="e">performer.</subfield>
         <subfield code="0">http://id.loc.gov/authorities/names/n95085450</subfield>
         <subfield code="0">http://viaf.org/viaf/152238120</subfield>
      </datafield>
      <datafield ind1="0" ind2=" " tag="730">
         <subfield code="a">Mojo (Periodical)</subfield>
         <subfield code="0">http://id.loc.gov/authorities/names/n2002074773</subfield>
         <subfield code="0">http://viaf.org/viaf/185226850</subfield>
      </datafield>
      <datafield ind1=" " ind2=" " tag="758">
         <subfield code="0">http://worldcat.org/entity/work/id/33921099</subfield>
      </datafield>
      <datafield ind1="0" ind2=" " tag="787">
         <subfield code="n">OCLC Work Id</subfield>
         <subfield code="o">http://worldcat.org/entity/work/id/33921099</subfield>
      </datafield>
      <datafield ind1=" " ind2=" " tag="926">
         <subfield code="a">M 1630.18 M65 H476 2015</subfield>
         <subfield code="w">LC</subfield>
         <subfield code="c">1</subfield>
         <subfield code="i">30125302523948</subfield>
         <subfield code="d">4/2/2015</subfield>
         <subfield code="e">3/11/2015</subfield>
         <subfield code="l">MEDIA</subfield>
         <subfield code="m">RED_DEER_C</subfield>
         <subfield code="n">2</subfield>
         <subfield code="r">Y</subfield>
         <subfield code="s">Y</subfield>
         <subfield code="t">MUSICSOUND</subfield>
         <subfield code="u">2/2/2015</subfield>
      </datafield>
   </record>
</collection>
